%% This BibTeX bibliography file was created using BibDesk.
%% http://bibdesk.sourceforge.net/


%% Created for Tim Stephani at 2014-11-17 22:22:27 -0500 


%% Saved with string encoding Unicode (UTF-8) 



@techreport{lochmiller,
	Author = {Chase Lochmiller, Yuan Chen},
	Date-Added = {2014-11-18 03:22:01 +0000},
	Date-Modified = {2014-11-18 03:22:22 +0000},
	Institution = {Stanford University},
	Title = {Predicting Short Term Stock Returns},
	Year = {2013}}

@techreport{lin,
	Author = {Hui Lin},
	Date-Added = {2014-11-18 03:21:29 +0000},
	Date-Modified = {2014-11-18 03:21:54 +0000},
	Institution = {Stanford University},
	Title = {Feature Investigation for Stock Market Prediction},
	Year = {2013}}

@techreport{shenjiang,
	Author = {Shunrong Shen, Haomiao Jiang, Tongda Zhang},
	Date-Added = {2014-11-18 03:20:40 +0000},
	Date-Modified = {2014-11-18 03:21:19 +0000},
	Institution = {Department of Electrical Engineering, Stanford University},
	Title = {Stock Market Forecasting Using Machine Learning Algorithms},
	Year = {2012}}

@techreport{daishah,
	Author = {Tianxin Dai, Arpan Shah, Hongxia Zhong},
	Date-Added = {2014-11-18 03:19:30 +0000},
	Date-Modified = {2014-11-18 03:20:27 +0000},
	Institution = {Department of Management Science and Engineering},
	Title = {Automated Stock Trading Using Machine Learning Algorithms},
	Year = {2012}}

@techreport{shaozheng,
	Author = {Chenxu Shao, Zheming Zheng},
	Date-Modified = {2014-11-18 03:19:04 +0000},
	Institution = {Department of Management Science and Engineering},
	Title = {Algorithmic Trading Using Machine Learning Techniques},
	Year = {2013}}
