%% This BibTeX bibliography file was created using BibDesk.
%% http://bibdesk.sourceforge.net/


%% Created for Tim Stephani at 2014-12-08 23:36:50 -0500 


%% Saved with string encoding Unicode (UTF-8) 



@techreport{naeinitaremian,
	Author = {Mahdi Pakdaman Naeini, Hamidreza Taremian, Homa Baradaran Hashemi},
	Date-Added = {2014-12-09 04:32:19 +0000},
	Date-Modified = {2014-12-09 04:33:12 +0000},
	Institution = {Islamic Azad University, University of Tehran },
	Title = {Stock Market Value Prediction Using Neural Networks },
	Year = {2010}}

@techreport{zhang,
	Author = {Harry Zhang},
	Date-Added = {2014-12-09 04:16:31 +0000},
	Date-Modified = {2014-12-09 04:19:30 +0000},
	Institution = {University of New Brunswick},
	Title = {The Optimality of Naive Bayes}}

@techreport{yaotan,
	Author = {JingTao Yao, Chew Lim Tan},
	Date-Added = {2014-12-09 04:14:24 +0000},
	Date-Modified = {2014-12-09 04:16:22 +0000},
	Institution = {Massey University, National University of Singapore},
	Title = {Guidelines for Financial Forecasting with Neural Networks}}

@techreport{lin,
	Author = {Hui Lin},
	Date-Added = {2014-11-18 03:21:29 +0000},
	Date-Modified = {2014-11-18 03:21:54 +0000},
	Institution = {Stanford University},
	Title = {Feature Investigation for Stock Market Prediction},
	Year = {2013}}

@techreport{daishah,
	Author = {Tianxin Dai, Arpan Shah, Hongxia Zhong},
	Date-Added = {2014-11-18 03:19:30 +0000},
	Date-Modified = {2014-11-18 03:20:27 +0000},
	Institution = {Department of Management Science and Engineering},
	Title = {Automated Stock Trading Using Machine Learning Algorithms},
	Year = {2012}}

@techreport{shaozheng,
	Author = {Chenxu Shao, Zheming Zheng},
	Date-Modified = {2014-11-18 03:19:04 +0000},
	Institution = {Department of Management Science and Engineering},
	Title = {Algorithmic Trading Using Machine Learning Techniques},
	Year = {2013}}
